%% This BibTeX bibliography file was created using BibDesk.
%% http://bibdesk.sourceforge.net/


%% Created for Colin Dawson at 2013-09-29 16:54:52 -0700 


%% Saved with string encoding Unicode (UTF-8) 

@inproceedings{ghahramani2005infinite,
  title={Infinite latent feature models and the {I}ndian buffet process},
  author={Ghahramani, Zoubin and Griffiths, Thomas L},
  booktitle={Advances in neural information processing systems},
  pages={475--482},
  year={2005}
}

@article{duane1987hybrid,
  title={Hybrid monte carlo},
  author={Duane, Simon and Kennedy, Anthony D and Pendleton, Brian J and Roweth, Duncan},
  journal={Physics letters B},
  volume={195},
  number={2},
  pages={216--222},
  year={1987},
  publisher={Elsevier}
}

@article{neal2011mcmc,
  title={{MCMC} using {H}amiltonian dynamics},
  author={Neal, Radford M and others},
  journal={Handbook of Markov Chain Monte Carlo},
  volume={2},
  pages={113--162},
  year={2011}
}

@inproceedings{valera2015infinite,
  title={Infinite factorial dynamical model},
  author={Valera, Isabel and Ruiz, Francisco and Svensson, Lennart and Perez-Cruz, Fernando},
  booktitle={Advances in Neural Information Processing Systems},
  pages={1657--1665},
  year={2015}
}

@inproceedings{gael2009infinite,
  title={The infinite factorial hidden {M}arkov model},
  author={Gael, Jurgen V and Teh, Yee W and Ghahramani, Zoubin},
  booktitle={Advances in Neural Information Processing Systems},
  pages={1697--1704},
  year={2009}
}


@article{favaro2013mcmc,
  title={{MCMC} for normalized random measure mixture models},
  author={Favaro, Stefano and Teh, Yee Whye and others},
  journal={Statistical Science},
  volume={28},
  number={3},
  pages={335--359},
  year={2013},
  publisher={Institute of Mathematical Statistics}
}

@inproceedings{brau2013bayesian,
	Author = {Ernesto Brau and Jinyan Guan and Luca DelPero and Kyle Simek and Colin Reimer Dawson and Jacobus Barnard},
	Booktitle = {Proceedings of the 2013 International Conference on Computer Vision},
	Date-Added = {2013-09-29 16:52:33 -0700},
	Date-Modified = {2013-09-29 16:54:52 -0700},
	Title = {{B}ayesian 3{D} tracking from monocular video},
	Year = {2013}}

@article{paisley2012discrete,
  title={The discrete infinite logistic normal distribution},
  author={Paisley, John and Wang, Chong and Blei, David M},
  journal={Bayesian Analysis},
  volume={7},
  number={4},
  pages={997--1034},
  year={2012},
  publisher={International Society for Bayesian Analysis}
}

@book{west1992hyperparameter,
	Author = {West, Mike},
	Publisher = {Duke University},
	Title = {Hyperparameter estimation in Dirichlet process mixture models},
	Year = {1992}}

@article{paisley2011discrete,
  title={The Discrete Infinite Logistic Normal Distribution},
  author={Paisley, John and Wang, Chong and Blei, David},
  journal={arXiv preprint arXiv:1103.4789},
  year={2011}
}

@inproceedings{rasmussen2000infinite,
  title={The infinite Gaussian mixture model},
  author={Rasmussen, Carl Edward},
  booktitle={Advances in Neural Information Processing Systems},
  Editor={Solla, S and Leen, T and M\"uller, K.-R.},
  Publisher={MIT Press},
  Location={Cambridge, MA},
  volume={12},
  pages={554--560},
  year={2000}
}

@article{gilks1992adaptive,
  title={Adaptive rejection sampling for {G}ibbs sampling},
  author={Gilks, Walter R and Wild, Pascal},
  journal={Applied Statistics},
  pages={337--348},
  year={1992},
  publisher={JSTOR}
}

@article{maceachern2000dependent,
	Author = {MacEachern, Steven N},
	Journal = {Unpublished manuscript, Department of Statistics, The Ohio State University},
	Title = {Dependent dirichlet processes},
	Year = {2000}}

@article{dahl2008distance,
	Author = {Dahl, David B},
	Journal = {JSM Proceedings. Section on Bayesian Statistical Science, American Statistical Association, Alexandria, Va},
	Title = {Distance-based probability distribution for set partitions with applications to {B}ayesian nonparametrics},
	Year = {2008}}

@article{ferguson1973bayesian,
  title={A {B}ayesian analysis of some nonparametric problems},
  author={Ferguson, Thomas S},
  journal={The annals of statistics},
  pages={209--230},
  year={1973},
  publisher={JSTOR}
}

@article{antoniak1974mixtures,
  title={Mixtures of Dirichlet processes with applications to {B}ayesian nonparametric problems},
  author={Antoniak, Charles E},
  journal={The annals of statistics},
  pages={1152--1174},
  year={1974},
  publisher={JSTOR}
}

@article{mackay1995hierarchical,
	Author = {MacKay, David JC and Peto, Linda},
	Journal = {Natural language engineering},
	Number = {3},
	Pages = {1--19},
	Publisher = {Cambridge Univ Press},
	Title = {A hierarchical Dirichlet language model},
	Volume = {1},
	Year = {1995}}

@article{wallach2009rethinking,
	Author = {Wallach, Hanna and Mimno, David and McCallum, Andrew},
	Journal = {Advances in Neural Information Processing Systems},
	Pages = {1973--1981},
	Title = {Rethinking LDA: Why priors matter},
	Volume = {22},
	Year = {2009}}

@article{johnson2013bayesian,
  title={Bayesian nonparametric hidden semi-{M}arkov models},
  author={Johnson, Matthew J and Willsky, Alan S},
  journal={The Journal of Machine Learning Research},
  volume={14},
  number={1},
  pages={673--701},
  year={2013},
  publisher={JMLR.org}
}

@article{hoffman2012stochastic,
	Author = {Hoffman, Matt and Blei, David M and Wang, Chong and Paisley, John},
	Journal = {arXiv preprint arXiv:1206.7051},
	Title = {Stochastic variational inference},
	Year = {2012}}

@article{wainwright2008graphical,
	Author = {Wainwright, Martin J and Jordan, Michael I},
	Journal = {Foundations and Trends{\textregistered} in Machine Learning},
	Number = {1-2},
	Pages = {1--305},
	Publisher = {Now Publishers Inc.},
	Title = {Graphical models, exponential families, and variational inference},
	Volume = {1},
	Year = {2008}}

@article{blei2006variational,
	Author = {Blei, David M and Jordan, Michael I},
	Journal = {Bayesian Analysis},
	Number = {1},
	Pages = {121--143},
	Publisher = {International Society for Bayesian Analysis},
	Title = {Variational inference for Dirichlet process mixtures},
	Volume = {1},
	Year = {2006}}

@article{blei2011distance,
	Author = {Blei, David M and Frazier, Peter I},
	Journal = {The Journal of Machine Learning Research},
	Pages = {2461--2488},
	Publisher = {JMLR. org},
	Title = {Distance dependent Chinese restaurant processes},
	Volume = {12},
	Year = {2011}}

@article{dunson2007bayesian,
  title={Bayesian density regression},
  author={Dunson, David B and Pillai, Natesh and Park, Ju-Hyun},
  journal={Journal of the Royal Statistical Society: Series B (Statistical Methodology)},
  volume={69},
  number={2},
  pages={163--183},
  year={2007},
  publisher={Wiley Online Library}
}

@article{quintana2012cluster,
	Author = {Quintana, Fernando A and M{\"u}ller, Peter and Papoila, Ana Luisa},
	Title = {Cluster-Specific Variable Selection for Product Partition Models},
	Year = {2012}}

@article{sethuraman1994constructive,
	Author = {Sethuraman, Jayaram},
	Journal = {Statistica Sinica},
	Pages = {639--650},
	Title = {A constructive definition of {D}irichlet processes},
	Volume = {4},
	Year = {1994}}

@inproceedings{beal2001infinite,
  title={The infinite hidden {M}arkov model},
  author={Beal, Matthew J and Ghahramani, Zoubin and Rasmussen, Carl E},
  booktitle={Advances in neural information processing systems},
  pages={577--584},
  year={2001}
}

@article{teh2006hierarchical,
	Author = {Teh, Yee Whye and Jordan, Michael I and Beal, Matthew J and Blei, David M},
	Journal = {Journal of the American Statistical Association},
	Number = {476},
	Title = {Hierarchical {D}irichlet processes},
	Volume = {101},
	Year = {2006}}

@article{muller2011product,
	Author = {M{\"u}ller, Peter and Quintana, Fernando and Rosner, Gary L},
	Journal = {Journal of Computational and Graphical Statistics},
	Number = {1},
	Title = {A product partition model with regression on covariates},
	Volume = {20},
	Year = {2011}}

@article{escobar1995bayesian,
  title={Bayesian density estimation and inference using mixtures},
  author={Escobar, Michael D and West, Mike},
  journal={Journal of the american statistical association},
  volume={90},
  number={430},
  pages={577--588},
  year={1995},
  publisher={Taylor \& Francis}
}

@inproceedings{fox2008hdp,
  title={An {HDP}-{HMM} for systems with state persistence},
  author={Fox, Emily B and Sudderth, Erik B and Jordan, Michael I and Willsky, Alan S},
  booktitle={Proceedings of the 25th international conference on Machine learning},
  pages={312--319},
  year={2008},
  organization={ACM}
}

@article{ishwaran2002exact,
  title={Exact and approximate sum representations for the {D}irichlet process},
  author={Ishwaran, Hemant and Zarepour, Mahmoud},
  journal={Canadian Journal of Statistics},
  volume={30},
  number={2},
  pages={269--283},
  year={2002},
  publisher={Wiley Online Library}
}

@article{ghahramani1997factorial,
  title={Factorial hidden {M}arkov models},
  author={Ghahramani, Zoubin and Jordan, Michael I and Smyth, Padhraic},
  journal={Machine learning},
  volume={29},
  number={2-3},
  pages={245--273},
  year={1997}
}

@article{ranganath2016correlated,
  title={Correlated random measures},
  author={Ranganath, Rajesh and Blei, David M},
  journal={Journal of the American Statistical Association},
  year={in press},
  publisher={Taylor \& Francis}
}

@article{kingman1967completely,
  title={Completely random measures},
  author={Kingman, John},
  journal={Pacific Journal of Mathematics},
  volume={21},
  number={1},
  pages={59--78},
  year={1967},
  publisher={Mathematical Sciences Publishers}
}

